/Users/john/Work/Papers/biblio/ML.bib